<?xml version="1.0" encoding="UTF-8"?><collection xmlns="http://www.loc.gov/MARC21/slim"><record><leader>00336nam--2200133-i-4500</leader><controlfield tag="001">000013130</controlfield><controlfield tag="002">20161230</controlfield><controlfield tag="005">20161230201030</controlfield><controlfield tag="008">060222s1000------------r-----000-0-eng-d</controlfield><datafield ind1=" " ind2=" " tag="080"><subfield code="a">541.128:66.097</subfield></datafield><datafield ind1=" " ind2=" " tag="100"><subfield code="a">Anderson, J.R</subfield></datafield><datafield ind1=" " ind2=" " tag="245"><subfield code="a">Structure of metallic catalysts</subfield></datafield><datafield ind1=" " ind2=" " tag="260"><subfield code="a">London, Academic Press, 1975 Ix + 469 P</subfield></datafield><datafield ind1=" " ind2=" " tag="852"><subfield code="a">47257</subfield></datafield></record></collection>